@comment{ ADD here new entries }

@InProceedings{2008-STACS-ImprovedAlgorithmsForTheRangeNextValueProblemAndApplications-CrochemoreIliopoulosKubicaRahmanWalen,
  author	= {Crochemore, Maxime and Iliopoulos, Costas S. and Kubica, Marcin and Rahman, Mohammad Sohel and Walen, Tomasz},
  title		= {Improved Algorithms for the Range Next Value Problem and Applications},
  booktitle	= {Proc.\ STACS},
  publisher	= {IBFI Schloss Dagstuhl},
  year		= {2008},
  pages		= {205--216}
}
@InProceedings{2004-ISAAC-OnTheRangeMaximumSumSegmentQueryProblem-ChenChao,
  author = 	 {Kuan-Yu Chen and Kun-Mao Chao},
  title = 	 {On the Range Maximum-Sum Segment Query Problem},
  booktitle =    {Proc.\ ISAAC},
  pages =   	 {294--305},
  year =    	 {2004},
  series =  	 {LNCS 3341},
  publisher =    {Springer}
}

@Inbook{2015-COCOON-SimultaneousEncodingsForRangeAndNextPreviousLargerSmallerValueQueries-JoRao,
author="Jo, Seungbum and Satti, Srinivasa Rao",
OPTeditor="Xu, Dachuan and Du, Donglei and Du, Dingzhu",
chapter="Simultaneous Encodings for Range and Next/Previous Larger/Smaller Value Queries",
title="Computing and Combinatorics: 21st International Conference, COCOON 2015, Beijing, China, August 4-6, 2015, Proceedings",
year="2015",
publisher="Springer International Publishing",
address="Cham",
pages="648--660",
isbn="978-3-319-21398-9",
doi="10.1007/978-3-319-21398-9_51",
url="http://dx.doi.org/10.1007/978-3-319-21398-9_51"
}
                  
@article{2011-TCS-CombinedDataStructureForPreviousAndNextSmallerValues-Fischer,
title = "Combined data structure for previous- and next-smaller-values ",
journal = "Theoretical Computer Science (TCS)",
volume = "412",
number = "22",
pages = "2451 - 2456",
year = "2011",
note = "",
issn = "0304-3975",
doi = "http://dx.doi.org/10.1016/j.tcs.2011.01.036",
url = "http://www.sciencedirect.com/science/article/pii/S0304397511000910",
author = "Johannes Fischer",
keywords = "Succinct data structures",
keywords = "Compressed text indexing "
}
                  
@Inbook{2015-ICALP-OptimalEncodingsForRangeTopKSelectionAndMinMax-GawrychowskiNicholson,
author="Gawrychowski, Pawe{\l}
and Nicholson, Patrick K.",
OPTeditor="Halld{\'o}rsson, M. Magn{\'u}s
and Iwama, Kazuo
and Kobayashi, Naoki
and Speckmann, Bettina",
chapter="Optimal Encodings for Range Top-                                                                  {\$}{\$}k{\$}{\$}                                                      k                                                , Selection, and Min-Max",
title="Automata, Languages, and Programming: 42nd International Colloquium, ICALP 2015, Kyoto, Japan, July 6-10, 2015, Proceedings, Part I",
year="2015",
publisher="Springer Berlin Heidelberg",
address="Berlin, Heidelberg",
pages="593--604",
isbn="978-3-662-47672-7",
doi="10.1007/978-3-662-47672-7_48",
url="http://dx.doi.org/10.1007/978-3-662-47672-7_48"
}                  

@Article{2009-TCS-FasterEntropyBoundedCompressedSuffixTrees-FischerMakinenNavarro,
  author = 	 {Johannes Fischer and Veli M\"akinen and Gonzalo Navarro},
  title = 	 {Faster Entropy-Bounded Compressed Suffix Trees},
  journal =	 {Theor.\ Comput.\ Sci.},
  volume =	 {410},
  number =	 {51},
  pages =	 {5354--5364},
  year =	 {2009}
} % journal-version of fischer08another

@Article{1993-SICOMP-RecursiveStarTreeParallelDataStructure-BerkmanVishkin,
  author = 	 {Omer Berkman and Uzi Vishkin},
  title = 	 {Recursive Star-Tree Parallel Data Structure},
  journal = 	 {SIAM J.\ Comput.},
  year = 	 {1993},
  volume =   	 {22},
  number = 	 {2},
  pages = 	 {221--242}
}

@InProceedings{2009-Chapter-PartialSolutionAndEntropy-Takaoka,
author="Takaoka, Tadao",
editor="Kr{\'a}lovi{\v{c}}, Rastislav
and Niwi{\'{n}}ski, Damian",
title="Partial Solution and Entropy",
bookTitle="Mathematical Foundations of Computer Science (MFCS) 2009: 34th International Symposium, Novy Smokovec, High Tatras, Slovakia, August 24-28, 2009. Proceedings",
year="2009",
publisher="Springer Berlin Heidelberg",
address="Berlin, Heidelberg",
pages="700--711",
isbn="978-3-642-03816-7"
}

@TechReport{1997-TR-MinimalMergesort-Takaoka,
  author =       {Tadao Takaoka},
  title =        {Minimal Mergesort},
  institution =  {University of Canterbury},
  year =         1997,
  note =         {http://ir.canterbury.ac.nz/handle/10092/9676, last accessed [2016-08-23 Tue]},
  abstract =     {We present a new adaptive sorting algorithm, called minimal merge sort, which merges the ascending runs in the input list from shorter to longer, that is, merging the shortest two lists each time. We show that this algorithm is optimal with respect to the new measure of presortedness, called entropy.}
}

@article{2002-JCSS-OptimalBoundsForThePredecessorProblemAndRelatedProblems-BeameFich,
title = "Optimal Bounds for the Predecessor Problem and Related Problems",
journal = "Journal of Computer and System Sciences (JCSS)",
volume = "65",
number = "1",
pages = "38 - 72",
year = "2002",
note = "",
issn = "0022-0000",
author = "Paul Beame and Faith E. Fich",
}

@Article{1982-AI-ANewDataStructureForRepresentingSortedLists-HuddlestonMehlhorn,
author="Huddleston, Scott
and Mehlhorn, Kurt",
title="A new data structure for representing sorted lists",
journal="Acta Informatica (AI)",
year="1982",
volume="17",
number="2",
pages="157--184",
abstract="In this paper we explore the use of weak B-trees to represent sorted lists. In weak B-trees each node has at least a and at most b sons where 2aâ‰¦b. We analyse the worst case cost of sequences of insertions and deletions in weak B-trees. This leads to a new data structure (level-linked weak B-trees) for representing sorted lists when the access pattern exhibits a (time-varying) locality of reference. Our structure is substantially simpler than the one proposed in [7], yet it has many of its properties. Our structure is as simple as the one proposed in [5], but our structure can treat arbitrary sequences of insertions and deletions whilst theirs can only treat non-interacting insertions and deletions. We also show that weak B-trees support concurrent operations in an efficient way.",
issn="1432-0525"
}

@article{1977-IPL-PreservingOrderInAForestInLessThanLogarithmicTimeAndLinearSpace,
title = "Preserving order in a forest in less than logarithmic time and linear space",
journal = "Information Processing Letters (IPL)",
volume = "6",
number = "3",
pages = "80 - 82",
year = "1977",
note = "",
issn = "0020-0190",
author = "P. van Emde Boas",
keywords = "Set-manipulation",
keywords = "trees",
keywords = "analysis of algorithms"
}

@article{2012-TCS-SuccinctRepresentationOfPermutationsAndFunctions-MunroRamanRamanRao,
title = "Succinct representations of permutations and functions ",
journal = "Theoretical Computer Science (TCS)",
volume = "438",
number = "",
pages = "74 - 88",
year = "2012",
note = "",
issn = "0304-3975",
author = "J. Ian Munro and Rajeev Raman and Venkatesh Raman and Srinivasa Rao S.",
keywords = "Succinct data structures",
keywords = "Space redundancy",
keywords = "Permutations",
keywords = "Functions",
keywords = "Benes network",
keywords = "Succinct tree representations",
keywords = "Level ancestor queries "
}

@inproceedings{1980-STOC-GeneralizedSelectionAndRanking-FredericksonJohnson,
  author    = {Greg N. Frederickson and
               Donald B. Johnson},
  title     = {Generalized Selection and Ranking},
  booktitle = {Proceedings of the 12th Annual ACM Symposium on Theory of Computing (STOC),
               April 28-30, 1980, Los Angeles, California, {USA}},
  pages     = {420--428},
  year      = {1980},
  location = {Los Angeles, California, {USA}},
  numpages = {9},
}

@article{1989-Algorithmica-ConstrainedDelaunayTriangulations-Chew,
  title={Constrained delaunay triangulations},
  author={Chew, L Paul},
  journal={Algorithmica},
  volume={4},
  number={1-4},
  pages={97--108},
  year={1989},
  publisher={Springer}
}

@article{1987-IPL-OnLineConstructionOfTheConvexHullOfASimplePolyline-Melkman,
 author = {Melkman, Avraham A.},
 title = {On-line Construction of the Convex Hull of a Simple Polyline},
 journal = {Information Processing Letters (IPL)},
 issue_date = {20 April 1987},
 volume = {25},
 number = {1},
 month = apr,
 year = {1987},
 issn = {0020-0190},
 pages = {11--12},
 numpages = {2},
 acmid = {31183},
 publisher = {Elsevier North-Holland, Inc.},
 address = {Amsterdam, The Netherlands, The Netherlands},
url = {http://dx.doi.org/10.1016/0020-0190(87)90086-X},
doi = {10.1016/0020-0190(87)90086-X},
} 

@article{1991-DCG-TriangulatingASimplePolygonInLinearTime-Chazelle,
 author = {Chazelle, Bernard},
 title = {Triangulating a Simple Polygon in Linear Time},
 journal = {Discrete \& Computational Geometry (DCG)},
 issue_date = {1991},
 volume = {6},
 number = {5},
 month = aug,
 year = {1991},
 issn = {0179-5376},
 pages = {485--524},
 numpages = {40},
 url = {http://dx.doi.org/10.1007/BF02574703},
 doi = {10.1007/BF02574703},
 acmid = {120892},
 publisher = {Springer-Verlag New York, Inc.},
 address = {Secaucus, NJ, USA},
} 

@article{2006-CG-ThreeProblemsAboutSimplePolygons-Chan,
title = "Three problems about simple polygons ",
journal = "Computational Geometry ",
volume = "35",
number = "3",
pages = "209 - 217",
year = "2006",
note = "",
issn = "0925-7721",
doi = "http://dx.doi.org/10.1016/j.comgeo.2005.11.002",
url = "http://www.sciencedirect.com/science/article/pii/S0925772105001124",
author = "Timothy M. Chan",
keywords = "Geometric optimization, Polygon triangulation, Convex hull"
}

@article{1993-JCSS-SurpassingTheInformationTheoreticBoundWithFusionTrees-FredmanWillard,
title = "Surpassing the information theoretic bound with fusion trees ",
journal = "Journal of Computer and System Sciences ",
volume = "47",
number = "3",
pages = "424 - 436",
year = "1993",
note = "",
issn = "0022-0000",
doi = "http://dx.doi.org/10.1016/0022-0000(93)90040-4",
url = "http://www.sciencedirect.com/science/article/pii/0022000093900404",
author = "Michael L. Fredman and Dan E. Willard"
}

@inproceedings{1986-STOC-ConstructingHigherDimensionalConvexHullsAtLogarithmicCostPerFace-Seidel,
 author = {Seidel, Raimund},
 title = {Constructing Higher-dimensional Convex Hulls at Logarithmic Cost Per Face},
 booktitle = {Proceedings of the Eighteenth Annual ACM Symposium on Theory of Computing},
 series = {STOC '86},
 year = {1986},
 isbn = {0-89791-193-8},
 location = {Berkeley, California, USA},
 pages = {404--413},
 numpages = {10},
 url = {http://doi.acm.org/10.1145/12130.12172},
 doi = {10.1145/12130.12172},
 acmid = {12172},
 publisher = {ACM},
 address = {New York, NY, USA},
} 


@inproceedings{1996-SCG-OnComputingVoronoiDiagramsByDividePruneAndConquer-AmatoRamos,
 author = {Amato, Nancy M. and Ramos, Edgar A.},
 title = {On Computing Voronoi Diagrams by Divide-prune-and-conquer},
 booktitle = {Proceedings of the Twelfth Annual Symposium on Computational Geometry},
 series = {SCG '96},
 year = {1996},
 isbn = {0-89791-804-5},
 location = {Philadelphia, Pennsylvania, USA},
 pages = {166--175},
 numpages = {10},
 url = {http://doi.acm.org/10.1145/237218.237347},
 doi = {10.1145/237218.237347},
 acmid = {237347},
 publisher = {ACM},
 address = {New York, NY, USA},
} 

@article{1997-DCG-AdaptivePrecisionFloatingPointArithmeticAndFastRobustGeometricPredicates-Shewchuk,
author = {Jonathan Richard Shewchuk},
title = {Adaptive {P}recision {F}loating-{P}oint {A}rithmetic and {F}ast
  {R}obust {G}eometric {P}redicates},
journal = {Discrete \& Computational Geometry},
volume = 18,
number = 3,
pages = {305--363},
month = oct,
year = 1997
}

@article{1997-PrimalDividingAndDualPruningOutput-SensitiveConstructionOfFour-DimensionalPolytopesAndThree-DimensionalVoronoiDiagrams-ChanSnoeyinkYap,
  author    = {Timothy M. Chan and
               Jack Snoeyink and
               Chee-Keng Yap},
  title     = {Primal Dividing and Dual Pruning: Output-Sensitive Construction
               of Four-Dimensional Polytopes and Three-Dimensional Voronoi
               Diagrams},
  journal   = {Discrete {\&} Computational Geometry},
  volume    = {18},
  number    = {4},
  year      = {1997},
  pages     = {433-454},
  ee        = {http://dx.doi.org/10.1007/PL00009327},
  bibsource = {DBLP, http://dblp.uni-trier.de}
}

@ARTICLE {2014-JDA-WaveletTreesForAll-Navarro,
	TITLE = "Wavelet Trees for All",
	AUTHOR = "G. Navarro", 
	JOURNAL = "Journal of Discrete Algorithms",
	YEAR = 2014,
	PUBLISHER = "Elsevier Science",
	VOLUME = 25,
	PAGES = "2--20"
	}

@inproceedings{2009-WADS-SuccinctOrthogonalRangeSearchStructuresOnGridWithApplicationsToTextIndexing-BoseHeMaheshawariMorin,
 author = {Bose, Prosenjit and He, Meng and Maheshwari, Anil and Morin, Pat},
 title = {Succinct Orthogonal Range Search Structures on a Grid with Applications to Text Indexing},
 booktitle = {Proceedings of the 11th International Symposium on Algorithms and Data Structures},
 series = {WADS '09},
 year = {2009},
 isbn = {978-3-642-03366-7},
 location = {Banff, Alberta, Canada},
 pages = {98--109},
 numpages = {12},
 url = {http://dx.doi.org/10.1007/978-3-642-03367-4_9},
 doi = {10.1007/978-3-642-03367-4_9},
 acmid = {1604436},
 publisher = {Springer-Verlag},
 address = {Berlin, Heidelberg},
} 

@article{1988-SIAM-DeferredDataStructuring-KarpMotwaniRaghavan,
  title={Deferred data structuring},
  author={Karp, Richard M. and Motwani, Rajeev and Raghavan, Prabhakar},
  journal={SIAM Journal on Computing (SICOMP)},
  volume={17},
  number={5},
  pages={883--902},
  year={1988},
  publisher={SIAM}
}

@ARTICLE{2013-TCS-OnCompressingPermutationsAndAdaptiveSorting-BarbayNavarro,
	  AUTHOR = "J\'er\'emy Barbay and Gonzalo Navarro",
	  TITLE = "On Compressing Permutations and Adaptive Sorting",
	  JOURNAL = "Theoretical Computer Science (TCS)",
	  VOLUME = 513,
	  PAGES = "109--123",
	  YEAR = 2013
	}

@article{2013-TCS-OnCompressingPermutationsAndAdaptiveSorting-BarbayNavarro-LONGREFERENCES,
  author    = {J{\'e}r{\'e}my Barbay and
               Gonzalo Navarro},
  title     = {On compressing permutations and adaptive sorting},
  journal   = {Theor. Comput. Sci.},
  volume    = {513},
  year      = {2013},
  pages     = {109-123},
  ee        = {http://dx.doi.org/10.1016/j.tcs.2013.10.019},
  bibsource = {DBLP, http://dblp.uni-trier.de}
}

@Misc{wikipedia-DelaunayTriangulation,
key = {Wikipedia},
  title = 	 {Delaunay triangulation article on Wikipedia},
  howpublished = {\url{https://en.wikipedia.org/wiki/Delaunay\_triangulation}},
  note = 	 {Last Accessed on 2013-09-04}}

@inproceedings{2008-SoCG-SelfImprovingAlgorithmsForDelaunayTriangulations-KennethClarkson,
  author    = {Kenneth L. Clarkson and
               C. Seshadhri},
  title     = {Self-improving algorithms for delaunay triangulations},
  booktitle   = {Symposium on Computational Geometry},
  year      = {2008},
  pages     = {148-155},
  ee        = {http://doi.acm.org/10.1145/1377676.1377700},
  bibsource = {DBLP, http://dblp.uni-trier.de}
}

@inproceedings{1995-SoCG-OutputSensitiveResultsOnConvexHullsExtremePointsAndRelatedProblems-Chan,
 author = {Chan, Timothy M.},
 title = {Output-sensitive Results on Convex Hulls, Extreme Points, and Related Problems},
 booktitle = {Proceedings of the Eleventh Annual Symposium on Computational Geometry},
 series = {SCG '95},
 year = {1995},
 isbn = {0-89791-724-3},
 location = {Vancouver, British Columbia, Canada},
 pages = {10--19},
 numpages = {10},
 url = {http://doi.acm.org/10.1145/220279.220281},
 doi = {10.1145/220279.220281},
 acmid = {220281},
 publisher = {ACM},
 address = {New York, NY, USA},
} 

@inproceedings{2013-SoCG-ANewApproachToOutputSensitiveVoronoiDiagramsAndDelaunayTriangulations-MillerSheehy,
 author = {Miller, Gary L. and Sheehy, Donald R.},
 title = {A New Approach to Output-sensitive Voronoi Diagrams and Delaunay Triangulations},
 booktitle = {Proceedings of the Twenty-ninth Annual Symposium on Computational Geometry},
 series = {SoCG '13},
 year = {2013},
 isbn = {978-1-4503-2031-3},
 location = {Rio de Janeiro, Brazil},
 pages = {281--288},
 numpages = {8},
 url = {http://doi.acm.org/10.1145/2462356.2462372},
 doi = {10.1145/2462356.2462372},
 acmid = {2462372},
 publisher = {ACM},
 address = {New York, NY, USA},
 keywords = {delaunay triangulation, kinetic data structures, output-sensitive algorithms, voronoi diagram},
} 

@inproceedings{2011-SODA-TriangulatingTheSquareAndSquaringTheTriangle:QuadtreesAndDelaunayTriangulationsAreEquivalent-LofflerMulzer,
 author = {L\"{o}ffler, Maarten and Mulzer, Wolfgang},
 title = {Triangulating the Square and Squaring the Triangle: Quadtrees and Delaunay Triangulations Are Equivalent},
 booktitle = {Proceedings of the Twenty-second Annual ACM-SIAM Symposium on Discrete Algorithms},
 series = {SODA '11},
 year = {2011},
 location = {San Francisco, California},
 pages = {1759--1777},
 numpages = {19},
 url = {http://dl.acm.org/citation.cfm?id=2133036.2133171},
 acmid = {2133171},
 publisher = {SIAM},
} 

@article{1992-Alg-RandomizedIncrementalConstructionOfDelaunayAndVoronoiDiagrams-GuibasKnuthSharir,
  author    = {Leonidas J. Guibas and
               Donald E. Knuth and
               Micha Sharir},
  title     = {Randomized Incremental Construction of Delaunay and Voronoi Diagrams},
  journal   = {Algorithmica},
  volume    = {7},
  number    = {4},
  year      = {1992},
  pages     = {381-413},
  ee        = {http://dx.doi.org/10.1007/BF01758770},
  bibsource = {DBLP, http://dblp.uni-trier.de}
}

@article{1977-TCJ-ComputingDirichletTessellationsInThePlane-GreenSibson,
 author = {Green, Peter J. and Sibson, Robin}, 
 title = {Computing Dirichlet Tessellations in the Plane},
 volume = {21}, 
 number = {2}, 
 pages = {168-173}, 
 year = {1978},
 journal = {The Computer Journal (TCJ)},
 doi = {10.1093/comjnl/21.2.168}, 
 abstract ={A finite set of distinct points divides the plane into polygonal regions, each region   containing one of the points and comprising that part of the plane nearer to its defining point than  to any other. The resultant planar subdivision is called the Dirichlet tessellation; it is one of the most useful constructs associated with such a point configuration. The regions, which we call tiles, are also known as Voronoi or Thiessen polygons. We describe a recursive algorithm for computing the tessellation in a highly efficient way, and discuss the problems which arise in its implementation. Samples of graphical output demonstrate the application of the program on a modest scale; its efficiency allows its application to large sets of data, and detailed discussion of space and time considerations is given, based in part on theoretical predictions and in part on test runs on up to  10,000 points.}, 
 URL = {http://comjnl.oxfordjournals.org/content/21/2/168.abstract}, 
 eprint = {http://comjnl.oxfordjournals.org/content/21/2/168.full.pdf+html}, 
}

@book{1988-BOOK-NumericalRecipesInC-PressFlanneryTeukolskyVetterling,
 author = {Press, William H. and Flannery, Brian P. and Teukolsky, Saul A. and Vetterling, William T.},
 title = {Numerical Recipes in C: The Art of Scientific Computing},
 year = {1988},
 isbn = {0-521-35465-X},
 publisher = {Cambridge University Press},
 address = {New York, NY, USA},
} 

@article{1969-NM-GaussianEliminationIsNotOptimal-Strassen,
year={1969},
issn={0029-599X},
journal={Numerische Mathematik},
volume={13},
number={4},
title={Gaussian elimination is not optimal},
publisher={Springer-Verlag},
author={Strassen, Volker},
pages={354-356},
language={English},
OPTdoi={10.1007/BF02165411},
OPTurl={http://dx.doi.org/10.1007/BF02165411},
}

@article{2015-ARXIV-RefiningTheAnalysisOfDivideAndConquer-BarbayOchoaPerez,
author="Barbay, Jeremy and Ochoa, Carlos and Perez-Lantero, Pablo",
title="Refining the Analysis of Divide and Conquer: How and When",
year="2015",
note="arXiv:1505.02820v3",
archivePrefix = "arXiv",
       eprint = "0902.0885",
 primaryClass = "hep-ph",
}

@article{1985-ACMT-PrimitiveForTheManipulationOfGeneralSubdivisionAndTheComputationOfVoronoiDiagrams-GuibasStolfi,
 author = {Guibas, Leonidas and Stolfi, Jorge},
 title = {Primitives for the manipulation of general subdivisions and the computation of Voronoi},
 journal = {ACM Trans. Graph. (TOG)},
 issue_date = {April 1985},
 volume = {4},
 number = {2},
 month = apr,
 year = {1985},
 issn = {0730-0301},
 pages = {74--123},
 numpages = {50},
 acmid = {282923},
 publisher = {ACM},
 address = {New York, NY, USA},
 keywords = {Euler operators, Voronoi and Delaunay diagrams, closest point, computational topology, convex hull, geometric primitives, nearest neighbours, planar graphs, point location, representation of polynedra, trianglations},
 url = {http://doi.acm.org/10.1145/282918.282923},
 doi = {10.1145/282918.282923}
}

@article{1980-IJCIS-TwoAlgorithmsForConstructingDelaunayTriangulation-LeeSchachter,
 year={1980},
 issn={0091-7036},
 journal={International Journal of Computer and Information Sciences},
 volume={9},
 number={3},
 doi={10.1007/BF00977785},
 title={Two algorithms for constructing a Delaunay triangulation},
 url={http://dx.doi.org/10.1007/BF00977785},
 publisher={Kluwer Academic Publishers-Plenum Publishers},
 keywords={Delaunay triangulation; triangulation; divide-and-conquer; Voronoi tessellation;     computational geometry; analysis of algorithms},
 author={Lee, D.T. and Schachter, B.J.},
 pages={219-242},
 language={English}
}

@article{1987-Algorithmica-ASweeplineAlgorithmForVoronoiDiagrams-Fortune,	
 year={1987},
 issn={0178-4617},
 journal={Algorithmica},
 volume={2},
 number={1-4},
 doi={10.1007/BF01840357},
 title={A sweepline algorithm for Voronoi diagrams},
 url={http://dx.doi.org/10.1007/BF01840357},
 publisher={Springer-Verlag},
 keywords={Voroni diagram; Delaunay triangulation; Sweepline algorithm},
 author={Fortune, Steven},
 pages={153-174},
 language={English}
}
